
@book{geometria,
  author = {Lehmann, Charles H},
  title = {Geometr\'ia  anal√≠tica},
  publisher = {LIMUSA},
  year = 1965
}

@misc{repositorio,
  author = {Brenda Martinez},
  title = {{Repositorio de Github}},
  howpublished = "\url{https://github.com/BEMM13/Mat_Compu.git}",
  year = {2021}
}
