@misc{1streport,
  author = {Brita Laura Vespere},
  title = {{1st Report - Dataset ‘Conversion Rates of Euro Currencies’}},
  howpublished = "\url{https://rpubs.com/Bricccc/First_Report_Vespere}",
  year = {2018}
}

@misc{repositorio,
  author = {Brenda Martinez},
  title = {{Repositorio de Github}},
  howpublished = "\url{https://github.com/BEMM13/Mat_Compu.git}",
  year = {2021}
}


@misc{euro,
  author = {R},
  title = {{R DATABASE}},
  howpublished = "\url{https://stat.ethz.ch/R-manual/R-devel/library/datasets/html/euro.html}",
  year = {---}
}