@book{METNUM,
  author = {Mora F., Walter },
  title = {Introducción a los Métodos Numéricos. -Implementaciones en R},
  publisher = {Escuela de Matemática,Instituto Tecnológico de Costa Rica},
  year = 2015
}

@misc{repositorio,
  author = {Brenda Martinez},
  title = {{Repositorio de Github}},
  howpublished = "\url{https://github.com/BEMM13/Mat_Compu.git}",
  year = {2021}
}
